<?xml version="1.0" encoding="UTF-8"?><collection xmlns="http://www.loc.gov/MARC21/slim"><record><leader>00538nam--2200193-i-4500</leader><controlfield tag="001">000001441</controlfield><controlfield tag="002">20161230</controlfield><controlfield tag="005">20161230201024</controlfield><controlfield tag="008">060222s1000------------r-----000-0-rum-d</controlfield><datafield ind1=" " ind2=" " tag="040"><subfield code="a">IFIN-HH</subfield></datafield><datafield ind1=" " ind2=" " tag="041"><subfield code="a">rum</subfield></datafield><datafield ind1=" " ind2=" " tag="080"><subfield code="a">519.216:620.1</subfield></datafield><datafield ind1="1" ind2=" " tag="100"><subfield code="a">Gioncu, Victor</subfield></datafield><datafield ind1=" " ind2=" " tag="245"><subfield code="a">Teoria comportarii critice si postcritice a structurilor elastice</subfield><subfield code="c">Victor Gioncu ; Marin Ivan</subfield></datafield><datafield ind1=" " ind2=" " tag="260"><subfield code="a">Bucuresti, Editura Academiei R.S.R. 1984</subfield></datafield><datafield ind1=" " ind2=" " tag="300"><subfield code="a">192 P</subfield></datafield><datafield ind1="1" ind2=" " tag="700"><subfield code="a">Ivan, Marin</subfield></datafield><datafield ind1=" " ind2=" " tag="852"><subfield code="a">71977</subfield><subfield code="c">519.2</subfield></datafield><datafield ind1=" " ind2=" " tag="CAT"><subfield code="a">Sys</subfield><subfield code="c">20100610</subfield><subfield code="h">142532</subfield></datafield></record></collection>